@misc{websydian,
  author       = {Websydian},
  title        = {The structure of XML documents},
  year         = {n.d.},
  note         = {Online image},
  howpublished = {\url{https://www.websydian.com/olddoc/v61/source/Websydian%20v6.1/TransacXML/wsyxml/xmlstructure.htm}},
  urldate      = {2025-05-08}
}