@misc{Mon,
  title = {Astroa physics},
  howpublished = {\url{http://astroa.physics.metu.edu.tr/Astronom/SC/MONR2A.HTM}},
  note = {Accessed: 2025-14-02}
}