@online{COSMOS,
  author = {R. Hollow, CSIRO},
  title = {{COSMOS} Kernel Description},
  year = 2024,
  url = {https://astronomy.swin.edu.au/cosmos/h/hertzsprung-russell+diagram},
  urldate = {2024-25-11}
}